
@proceedings{DBLP:conf/aips/2009,
  editor    = {Alfonso Gerevini and
               Adele E. Howe and
               Amedeo Cesta and
               Ioannis Refanidis},
  title     = {Proceedings of the 19th International Conference on Automated
               Planning and Scheduling, ICAPS 2009, Thessaloniki, Greece,
               September 19-23, 2009},
  booktitle = {ICAPS},
  publisher = {AAAI},
  year      = {2009},
  isbn      = {978-1-57735-406-2},
  bibsource = {DBLP, http://dblp.uni-trier.de}
}

@inproceedings{DBLP:conf/aips/HernandezMSK09,
  author    = {Carlos Hern{\'a}ndez and
               Pedro Meseguer and
               Xiaoxun Sun and
               Sven Koenig},
  title     = {Path-Adaptive A* for Incremental Heuristic Search in Unknown
               Terrain},
  booktitle = {ICAPS},
  year      = {2009},
  crossref  = {DBLP:conf/aips/2009},
  bibsource = {DBLP, http://dblp.uni-trier.de}
}

@inproceedings{DBLP:conf/aips/ThayerR09,
  author    = {Jordan Tyler Thayer and
               Wheeler Ruml},
  title     = {Using Distance Estimates in Heuristic Search},
  booktitle = {ICAPS},
  year      = {2009},
  crossref  = {DBLP:conf/aips/2009},
  bibsource = {DBLP, http://dblp.uni-trier.de}
}

@inproceedings{DBLP:conf/aips/WangB08,
  author    = {Ko-Hsin Cindy Wang and
               Adi Botea},
  title     = {Fast and Memory-Efficient Multi-Agent Pathfinding},
  booktitle = {ICAPS},
  year      = {2008},
  pages     = {380-387},
  crossref  = {DBLP:conf/aips/2008},
  bibsource = {DBLP, http://dblp.uni-trier.de}
}

@proceedings{DBLP:conf/aips/2008,
  editor    = {Jussi Rintanen and
               Bernhard Nebel and
               J. Christopher Beck and
               Eric A. Hansen},
  title     = {Proceedings of the Eighteenth International Conference on
               Automated Planning and Scheduling, ICAPS 2008, Sydney, Australia,
               September 14-18, 2008},
  booktitle = {ICAPS},
  publisher = {AAAI},
  year      = {2008},
  isbn      = {978-1-57735-386-7},
  bibsource = {DBLP, http://dblp.uni-trier.de}
}

@inproceedings{DBLP:conf/aips/ThayerR08,
  author    = {Jordan Tyler Thayer and
               Wheeler Ruml},
  title     = {Faster than Weighted A*: An Optimistic Approach to Bounded
               Suboptimal Search},
  booktitle = {ICAPS},
  year      = {2008},
  pages     = {355-362},
  crossref  = {DBLP:conf/aips/2008},
  bibsource = {DBLP, http://dblp.uni-trier.de}
}

@inproceedings{DBLP:conf/aips/BulitkoBLSS07,
  author    = {Vadim Bulitko and
               Yngvi Bj{\"o}rnsson and
               Mitja Lustrek and
               Jonathan Schaeffer and
               Sverrir Sigmundarson},
  title     = {Dynamic Control in Path-Planning with Real-Time Heuristic
               Search},
  booktitle = {ICAPS},
  year      = {2007},
  pages     = {49-56},
  crossref  = {DBLP:conf/aips/2007},
  bibsource = {DBLP, http://dblp.uni-trier.de}
}

@proceedings{DBLP:conf/aips/2007,
  editor    = {Mark S. Boddy and
               Maria Fox and
               Sylvie Thi{\'e}baux},
  title     = {Proceedings of the Seventeenth International Conference
               on Automated Planning and Scheduling, ICAPS 2007, Providence,
               Rhode Island, USA, September 22-26, 2007},
  booktitle = {ICAPS},
  publisher = {AAAI},
  year      = {2007},
  isbn      = {978-1-57735-344-7},
  bibsource = {DBLP, http://dblp.uni-trier.de}
}















